@book{chisel:book,
   title = {Digital Design with Chisel},
   publisher = {Kindle Direct Publishing},
   year = {2019},
   author = {Martin Schoeberl},
   url = {https://github.com/schoeberl/chisel-book}
}

@techreport{scala-overview-tech-report,
  added-at = {2009-01-05T14:22:57.000+0100},
  author = {Odersky, Martin and al.},
  biburl = {https://www.bibsonomy.org/bibtex/2bf283793321b856bcb6613c10508f7c3/sac},
  description = {Martin Odersky's Papers: An Overview of the Scala Programming Language},
  institution = {EPFL Lausanne, Switzerland},
  interhash = {668a932eb87ae21bcd92529b24b8c614},
  intrahash = {bf283793321b856bcb6613c10508f7c3},
  keywords = {fp imported martin odersky scala semainar},
  number = {IC/2004/64},
  timestamp = {2009-01-05T14:22:57.000+0100},
  title = {An Overview of the Scala Programming Language},
  year = 2004
}

@misc{vlsicourse,
author = {John Wawrzynek and Chris Yarp},
title = {CS250: VLSI Systems Design},
howpublished = {U.C. Berkeley},
year = {2016}}

@online{chisel:riscv,
  author = {UC Berekely},
  title = {RocketChip Generator},
  year = 2022,
  url = {https://github.com/chipsalliance/rocket-chip/blob/master/README.md},
  urldate = {2022-03-17}
}

